<?xml version="1.0" encoding="UTF-8"?><collection xmlns="http://www.loc.gov/MARC21/slim"><record><leader>00588nam--2200193-i-4500</leader><controlfield tag="001">000029269</controlfield><controlfield tag="002">20161230</controlfield><controlfield tag="005">20161230201037</controlfield><controlfield tag="008">060222s1000------------r-----000-0-eng-d</controlfield><datafield ind1=" " ind2=" " tag="040"><subfield code="a">IFIN-HH</subfield></datafield><datafield ind1=" " ind2=" " tag="080"><subfield code="a">536.7</subfield></datafield><datafield ind1="1" ind2=" " tag="100"><subfield code="a">Lewis, Gilbert Newton</subfield></datafield><datafield ind1="1" ind2="0" tag="245"><subfield code="a">Thermodynamics and the free energy of chemical substances</subfield><subfield code="c">Gilbert newton lewis; merle randall</subfield></datafield><datafield ind1=" " ind2=" " tag="250"><subfield code="a">First Edition; Twenty-first Impression</subfield></datafield><datafield ind1=" " ind2=" " tag="260"><subfield code="a">New York</subfield><subfield code="b">Mcgraw-hill Book Company, Inc</subfield><subfield code="c">1923</subfield></datafield><datafield ind1=" " ind2=" " tag="300"><subfield code="a">XXIII + 651P</subfield></datafield><datafield ind1="1" ind2=" " tag="700"><subfield code="a">Randall, Merle</subfield></datafield><datafield ind1=" " ind2=" " tag="852"><subfield code="a">79501</subfield><subfield code="c">536.7</subfield></datafield><datafield ind1=" " ind2=" " tag="CAT"><subfield code="a">Sys</subfield><subfield code="c">20110603</subfield><subfield code="h">133055</subfield></datafield></record></collection>